@article{LPSD,
  title = {Improved Spectrum Estimation from Digitized Time Series on a Logarithmic Frequency Axis},
  author = {Tr{\"o}bs, Michael and Heinzel, Gerhard},
  year = {2006},
  month = feb,
  volume = {39},
  pages = {120--129},
  issn = {0263-2241},
  doi = {10.1016/j.measurement.2005.10.010},
  journal = {Measurement},
  number = {2}
}


@book{SignalSystem,
  title={信号与系统},
  author={刘树棠},
  year={2010},
  publisher={西安交通大学出版社}
}


@book{mExamples,
  title={MATLAB数字信号处理85个实用案例精讲: 入门到进阶},
  author={宋知用},
  isbn={9787512422667},
  year={2016},
  publisher={北京航空航天大学出版社}
}


@book{SignalDetect,
  title={微弱信号检测},
  isbn={9787302098171},
  author={高晋占},
  year={2004},
  publisher={清华大学出版社}
}


@misc{matlabdoc,
  url = {https://ww2.mathworks.cn/help/},
  title = {MATLAB Documentation}
}


@misc{scipydoc,
  url = {https://docs.scipy.org/doc/scipy/reference/tutorial/signal.html},
  title = {Scipy Documentation}
}


@misc{pyfda,
  url = {https://github.com/chipmuenk/pyFDA},
  title = {Python Filter Design Analysis Tool }
}